@article{gil68,
    author={E. N. Gilbert and H. O. Pollack},
    title={Steiner minimal trees},
    journal={SIAM J. App. Math.},
    volume={16},
    number={1},
    pages={1--29},
    year={1968},
}
@article{bern93,
    author={M. W. Bern and D. Eppstein},
    title={Worst-case bounds for subadditive geometric graphs},
    journal={In Proc. 9th Symp. on Comp. Geom.},
    pages={183--188},
    year={1993},
}
@inproceedings{aichholzer2013sum,
  title={Sum of squared edges for MST of a point set in a unit square},
  author={Aichholzer, Oswin and Allen, S and Aloupis, Greg and Barba, Luis and Bose, Prosenjit and de Varufel, JL and Iacono, John and Langerman, Stefan and Souvaine, D and Taslakian, Perouz and others},
  booktitle={Japanese Conference on Discrete and Computational Geometry (JCDCG)},
  year={2013}
}
